<record><leader>00000cas a2200000 a 4500</leader><controlfield tag="001">11257686</controlfield><controlfield tag="008">841012d18161819inuwr ne      0    0eng c</controlfield><datafield ind1=" " ind2=" " tag="010"><subfield code="a">sn 84038231 </subfield></datafield><datafield ind1=" " ind2=" " tag="040"><subfield code="a">NPX</subfield><subfield code="b">eng</subfield><subfield code="c">NPX</subfield><subfield code="d">NPI</subfield><subfield code="d">DLC</subfield><subfield code="d">NPI</subfield><subfield code="d">DLC</subfield><subfield code="d">MGN</subfield><subfield code="d">NVF</subfield><subfield code="d">OCL</subfield><subfield code="d">OCLCQ</subfield><subfield code="d">OCLCG</subfield><subfield code="d">DLC</subfield><subfield code="d">OCLCQ</subfield><subfield code="d">OCLCF</subfield><subfield code="d">OCLCO</subfield></datafield><datafield ind1=" " ind2=" " tag="042"><subfield code="a">pcc</subfield></datafield><datafield ind1=" " ind2=" " tag="043"><subfield code="a">n-us-in</subfield></datafield><datafield ind1="0" ind2="0" tag="050"><subfield code="a">Newspaper</subfield></datafield><datafield ind1="0" ind2=" " tag="130"><subfield code="a">Indiana register (Vevay, Ind. : 1816)</subfield></datafield><datafield ind1="1" ind2="4" tag="245"><subfield code="a">The Indiana register.</subfield></datafield><datafield ind1=" " ind2=" " tag="260"><subfield code="a">Vevay, I.T. [Ind.] :</subfield><subfield code="b">William C. Keen</subfield></datafield><datafield ind1=" " ind2=" " tag="300"><subfield code="a">v.</subfield></datafield><datafield ind1=" " ind2=" " tag="310"><subfield code="a">Weekly</subfield></datafield><datafield ind1="0" ind2=" " tag="362"><subfield code="a">Vol. 1, no. 1 (June 17, 1816)-</subfield></datafield><datafield ind1="1" ind2=" " tag="362"><subfield code="a">Ceased in 1819?</subfield></datafield><datafield ind1=" " ind2=" " tag="500"><subfield code="a">Publishers: Dufour, Keen &amp; Co., 1817-&lt;1818&gt;; J.F. Dufour, &lt;1818&gt;.</subfield></datafield><datafield ind1=" " ind2=" " tag="530"><subfield code="a">Also issued on microfilm from the Library of Congress, Photoduplication Service.</subfield></datafield><datafield ind1=" " ind2="0" tag="651"><subfield code="a">Vevay (Ind.)</subfield><subfield code="v">Newspapers.</subfield></datafield><datafield ind1=" " ind2="7" tag="655"><subfield code="a">Newspapers.</subfield><subfield code="2">fast</subfield><subfield code="0">(OCoLC)fst01423814</subfield></datafield><datafield ind1=" " ind2="7" tag="651"><subfield code="a">Indiana</subfield><subfield code="z">Vevay.</subfield><subfield code="2">fast</subfield><subfield code="0">(OCoLC)fst01257089</subfield></datafield><datafield ind1="1" ind2=" " tag="700"><subfield code="a">Keen, William C.</subfield></datafield><datafield ind1="1" ind2=" " tag="700"><subfield code="a">Dufour, John Francis,</subfield><subfield code="d">1783-1850.</subfield></datafield><datafield ind1=" " ind2=" " tag="752"><subfield code="a">United States</subfield><subfield code="b">Indiana</subfield><subfield code="c">Switzerland</subfield><subfield code="d">Vevay.</subfield></datafield><datafield ind1="0" ind2="0" tag="785"><subfield code="t">Indiana register and Vevay and Ghent advertiser</subfield></datafield></record>